<record><leader>00000cas a22000007a 4500</leader><controlfield tag="001">12645484</controlfield><controlfield tag="008">851008d18781887iauwr ne      0   a0eng d</controlfield><datafield ind1=" " ind2=" " tag="010"><subfield code="a">sn 85050943 </subfield></datafield><datafield ind1=" " ind2=" " tag="040"><subfield code="a">INP</subfield><subfield code="b">eng</subfield><subfield code="c">INP</subfield><subfield code="d">OCL</subfield><subfield code="d">OCLCQ</subfield></datafield><datafield ind1=" " ind2=" " tag="043"><subfield code="a">n-us-ia</subfield></datafield><datafield ind1="0" ind2=" " tag="130"><subfield code="a">New era (Adel, Iowa)</subfield></datafield><datafield ind1="1" ind2="4" tag="245"><subfield code="a">The new era.</subfield></datafield><datafield ind1=" " ind2=" " tag="260"><subfield code="a">Adel, Iowa :</subfield><subfield code="b">New Era Print. Co.</subfield></datafield><datafield ind1=" " ind2=" " tag="300"><subfield code="a">v. :</subfield><subfield code="b">ill. ;</subfield><subfield code="c">61 cm.</subfield></datafield><datafield ind1=" " ind2=" " tag="310"><subfield code="a">Weekly</subfield></datafield><datafield ind1="1" ind2=" " tag="362"><subfield code="a">Began with Feb. 28, 1878 issue; ceased in 1887?</subfield><subfield code="z">Cf. Bibl. of Iowa newspapers.</subfield></datafield><datafield ind1=" " ind2=" " tag="500"><subfield code="a">Editors: A.R. Smalley and W.H. Rickerson.</subfield></datafield><datafield ind1=" " ind2=" " tag="588"><subfield code="a">Description based on: Vol. 5, no. 23 (July 20, 1882).</subfield></datafield><datafield ind1=" " ind2=" " tag="752"><subfield code="a">United States</subfield><subfield code="b">Iowa</subfield><subfield code="c">Dallas</subfield><subfield code="d">Adel.</subfield></datafield></record>